@Book{diff01,
Author="Paul Valentine",
Title="Differentiation of Functions",
Publisher="Paul Valentine",
Year="2020"
}
@Book{A001,
Author = "Paul Valentine",
Title = "Taylor Series Expansions",
Publisher ="Paul Valentine",
Year = "2020"
}
@Book{A002,
Author = "Paul Valentine",
Title = "Cartesian Products",
Publisher = "Paul Valentine",
Year = "2020"
}

@Book{A003,
Author = "Paul Valentine",
Title = "Vector Spaces",
Publisher = "Paul Valentine",
Year = "2020"
}
